@misc{ymca-website,
    author = {YMCA},
    title = {About YMCA},
    howpublished = {Available at \url{https://www.ymca.int/about-us/} (2023/28/03)}
}

@misc{J+S-Website,
    author = {Bundesamt f√ºr Sport BASPO - swiss federal office for sports},
    title = {Startseite},
    howpublished = {Available at \url{https://www.jugendundsport.ch/de/home.html} (2023/28/03)}
}

@misc{ecamp3-website,
    author = {ecamp core team},
    title = {Project site of eCamp v3},
    howpublished = {Available at \url{https://www.ecamp3.ch/en/} (2023/28/03)}
}

@misc{ecamp2-first-commit,
    author = {@usu},
    title = {initial SVN export of ecamp2},
    howpublished = {Available at \url{https://github.com/ecamp/ecamp/commit/29eae1a00036fad86b96c592ead3421e10a5f59e} (2023/28/03)}
}
